@misc{wine,
	title="ГОСТ Р 52335-2005. Национальный стандарт Российской Федерации. Продукция винодельческая. Термины и определения. [Электронный ресурс]",
	howpublished="Режим доступа: \url{https://docs.cntd.ru/document/1200039764} (дата обращения: 26.04.2022)"
}

@article{economy,
	author = {К.А. Ханахян},
	year = {2021},
	pages = {9-13},
	title = {Продвижение брендов на рынке алкогольной продукции},
	journal = {Нацразвитие. Наука и образование},
	note = "URL: \url{https://cyberleninka.ru/article/n/prodvizhenie-brendov-na-rynke-alkogolnoy-produktsii}"
}

@misc{growth,
	title="В России на 40\% выросло производство игристых вин [Электронный ресурс]",
	howpublished="Режим доступа: \url{https://www.vedomosti.ru/business/news/2022/07/03/929591-igristih-vin} (дата обращения: 26.08.2022)"
}

@misc{winelab,
	title="ВинЛаб [Электронный ресурс]",
	howpublished="Режим доступа: \url{https://www.winelab.ru/} (дата обращения: 26.04.2022)"
}

@misc{kb,
	title="Красное\&Белое [Электронный ресурс]",
	howpublished="Режим доступа: \url{https://krasnoeibeloe.ru/} (дата обращения: 26.04.2022)"
}

@misc{primal_wine,
	title="Primal Wine [Электронный ресурс]",
	howpublished="Режим доступа: \url{https://primalwine.com/} (дата обращения: 26.04.2022)"
}

@misc{wine_com,
	title="Wine.com [Электронный ресурс]",
	howpublished="Режим доступа: \url{https://www.wine.com/} (дата обращения: 26.04.2022)"
}

@book{pricing,
    title={Современное ценообразование: учебное пособие},
    author={Лазурин Е.А., Неклюдов В.А., С.А. Сироткин},
    publisher= {Ярославль: ООО «ПКФ «СОЮЗ-ПРЕСС»},
    year={2020},
    pages={76}
}

@book{db,
    title={Системы управления базами данных: учебное пособие},
    author={Р.Э. Мамедли},
    publisher= {Нижневартовск: Изд-во Нижневартовского государственного университета},
    year={2021},
    pages={214}
}

@book{dms,
    title={Основы технологий баз данных: учебное пособие},
    author={Новиков Б.А., Горшкова Е.А., Н.А. Графеева},
    publisher= {М.: ДМК Пресс},
    year={2020},
    pages={582}
}

@book{before,
    title={Базы данных: модели данных, проектирование, язык SQL: учебное пособие},
    author={Т.И. Сергеева},
    publisher= {Воронеж: ФГБОУ ВПО <<Воронежский государственный технический университет>>},
    year={2012},
    pages={233}
}

@book{after,
    title={Системы графовых баз данных. Neo4j : учебное пособие для вузов},
    author={А.В. Маркин},
    publisher= {Москва : Издательство Юрайт},
    year={2021},
    pages={178}
}

@misc{postgresql,
	title="PostgreSQL: The World's Most Advanced Open Source Relational Database [Электронный ресурс]",
	howpublished="Режим доступа: \url{https://www.postgresql.org/} (дата обращения: 29.04.2022)"
}

@misc{oracle,
	title="Технологии баз данных Oracle [Электронный ресурс]",
	howpublished="Режим доступа: \url{https://www.oracle.com/cis/database/technologies/} (дата обращения: 29.04.2022)"
}

@misc{mysql,
	title="MySQL [Электронный ресурс]",
	howpublished="Режим доступа: \url{https://www.mysql.com/} (дата обращения: 29.04.2022)"
}

@misc{pl,
	title="Документация по C\# [Электронный ресурс]",
	howpublished="Режим доступа: \url{https://docs.microsoft.com/ru-ru/dotnet/csharp/} (дата обращения: 29.04.2022)"
}

@misc{core,
	title="Entity Framework Core [Электронный ресурс]",
	howpublished="Режим доступа: \url{https://docs.microsoft.com/en-us/ef/core/} (дата обращения: 29.04.2022)"
}

@misc{vs,
	title="Visual Studio [Электронный ресурс]",
	howpublished="Режим доступа: \url{https://visualstudio.microsoft.com/ru/} (дата обращения: 29.04.2022)"
}

@misc{blazor,
	title="ASP.NET Core Blazor [Электронный ресурс]",
	howpublished="Режим доступа: \url{https://docs.microsoft.com/ru-ru/aspnet/core/blazor/?view=aspnetcore-6.0} (дата обращения: 29.04.2022)"
}
